3616 4606
176 125 218 216 5t
738 118 949 196 rrcrto
981 119 1046 193 nr.

163 259 433 361 .greillt·temporit
461 263 505 332 ita
524 257 696 332 debilitabit
713 265 747 332 δι
763 255 881 352 {ianget
970 253 1035 322 11.
1065 248 1223 324 Alteratia
1233 241 1396 351 dupliciter
1404 241 1648 358 potelltdmpa'·

171 363 249 434 vires
277 358 442 433 inferioris,
474 375 509 424 ut
528 354 661 452 amplius
680 345 799 447 tea'gere
820 374 882 422 non
918 351 985 422 tari
993 342 1264 424 cum-lationestve
1275 349 1461 424 motutoolt
1481 372 1490 415 t
1512 353 1646 430 Primo,

164 447 277 549 poilit',
312 451 361 526 sed
379 446 567 529 subcumbat,
589 452 779 543 omninoque
797 443 883 542 supe·
927 448 1044 538 ratione
1073 443 1194 542 termini
1221 444 1647 540 ;&srcalteratio''ellnobi÷

141 591 146 598 .
171 569 263 618 mur,
927 539 985 610 lior
994 532 1196 618 motulocali,
1207 541 1283 632 quia
1293 539 1438 636 qualitas,
1446 537 1647 632 quaellrer-

223 639 284 709 Vl
298 639 328 708 1.
351 634 610 732 Distinguendum
623 629 667 704 eli
676 637 882 706 intermotum
921 638 1046 710 minus,
1068 629 1112 700 ell
1130 631 1263 703 nobilior
1283 654 1381 728 quarn
1396 631 1461 703 ubi.
1486 637 1648 728 ¹Secttndo

170 733 321 812 localem,
363 739 398 805 δι
427 737 502 802 inter
531 747 653 800 motum
681 727 882 802 alterationis,
926 732 1046 814 ratione
1054 720 1211 816 mobilis}
1233 728 1648 829 &ficaltcratioellimper·

170 827 258 901 Licet
278 847 342 897 non
361 847 452 898 omne
472 825 560 921 quod
579 822 662 895 aliud
681 821 880 902 locomoren
926 819 1038 892 festior
1057 841 1153 918 quam
1164 817 1314 903 latiosr·
1333 821 1466 897 Ratione
1485 825 1648 902 universa·

169 918 213 991 ab
229 945 268 993 eo
293 943 464 1002 moveatur,
488 938 615 1017 utpatet
633 917 663 984 in
672 937 814 1014 magnete
824 915 883 987 rd-
924 915 1034 996 litatis,
1057 921 1134 1010 quia
1145 935 1250 987 motus
1268 919 1373 995 localis
1383 923 1522 992 convenit
1531 943 1646 993 corru-
1783 967 1786 978 -

159 1017 309 1102 ¹trahente
325 1015 368 1086 ad
388 1015 417 1086 se
437 1013 562 1092 fernim,
584 1020 618 1086 dc
641 1017 720 1082 inno
734 1019 794 1108 qui
803 1012 883 1108 lapi·
925 1008 1082 1106 ptibilibur
1102 1021 1135 1086 δι
1153 1009 1433 1114 incorruptibilitati,
1453 1011 1649 1112 kil-corpo*

172 1109 246 1182 dem
266 1111 384 1204 dejicit,
404 1132 457 1180 aut
477 1107 614 1204 jamlum
625 1113 794 1200 intorquet;
822 1129 883 1176 non
927 1103 1009 1176 tibur
1026 1102 1219 1194 colentium
1237 1117 1339 1180 motus
1361 1131 1435 1184 vcro
1453 1111 1648 1182 atumionir

74 1203 77 1210 “
172 1223 278 1275 tamen
299 1203 370 1277 inde
382 1205 530 1298 sequitur,
550 1200 638 1298 quod
649 1200 732 1270 nulla
744 1200 829 1272 deor
838 1220 884 1276 re·
927 1203 1075 1296 competit
1104 1217 1228 1270 tantum
1256 1198 1496 1299 corruptibilibus
1526 1201 1649 1275 rebusr

20 1297 49 1314 ‘'
173 1283 260 1372 adio
280 1307 312 1371 in
330 1297 549 1376 alterabilibus,
574 1293 627 1366 ubi
659 1292 704 1365 cll
723 1293 883 1370 resistentia
928 1313 967 1374 a,
978 1291 1111 1364 Ratione
1121 1299 1246 1386 majoris
1258 1295 1647 1372 uniformitatisecinvatt·

174 1399 209 1464 dc
226 1389 430 1468 contradiciio
450 1395 647 1490 qualitatum.
685 1389 800 1486 Dispar
819 1397 885 1491 igi·
927 1386 1084 1468 abilitatir,
1107 1395 1181 1483 quia
1190 1393 1220 1460 in
1229 1413 1319 1464 motu
1330 1391 1422 1470 locali
1431 1390 1648 1469 solumdivet·

173 1507 223 1559 tur
240 1485 284 1557 est
297 1492 378 1560 ratio
398 1491 429 1556 in
450 1507 536 1558 motu
556 1487 659 1561 locali,
683 1489 716 1554 &
736 1485 884 1558 inalterass
928 1482 960 1552 sa
981 1480 1035 1554 ubi
1056 1480 1257 1578 adquiruntur
1278 1497 1296 1577 ς·
1320 1493 1445 1560 inmotu
1455 1487 1648 1562 alterationis

173 1587 269 1662 tione,
299 1585 374 1677 quia
394 1580 552 1655 resistentia
574 1600 676 1649 morus
699 1579 803 1652 localis
822 1607 885 1654 non
928 1601 1000 1654 vero
1029 1579 1202 1674 adquiritur
1234 1605 1314 1664 nova
1330 1581 1442 1661 forma,
1472 1583 1520 1670 vel
1541 1607 1648 1656 novus

173 1673 217 1745 est
230 1673 346 1752 adliva,
368 1681 574 1746 nonenimrea
599 1677 621 1742 it
630 1677 771 1771 gravitas
783 1677 830 1750 vel
840 1678 885 1748 le·
926 1672 1038 1743 modus
1047 1671 1177 1744 forma:
1197 1674 1241 1745 Er
1250 1675 1309 1747 lroc
1321 1679 1420 1749 modo
1431 1677 1651 1770 Aristoma.

174 1775 255 1841 vitas
272 1774 304 1838 in
321 1791 433 1866 agens3
456 1788 489 1838 at
510 1768 564 1840 refi
627 1777 668 1840 tia
688 1769 885 1844 inalteratio·
922 1769 1011 1863 phyfi'
1027 1792 1057 1836 c.
1069 1787 1103 1860 7.
1133 1789 1254 1838 motum
1275 1769 1405 1841 lomlem
1435 1779 1510 1843 inter
1531 1797 1649 1846 omnes
1676 1843 1680 1852 ,

173 1885 225 1942 ne,
246 1885 317 1958 qua
336 1863 478 1936 hocloco
491 1859 683 1962 intelligitur,
702 1859 748 1932 est
767 1861 883 1946 nativa,
927 1862 1037 1960 species
1045 1881 1150 1935 nonus
1161 1866 1325 1958 primarum
1334 1862 1469 1936 obtinere
1477 1859 1569 1938 dixit.
1707 1911 1715 1922 ·

145 1956 280 2046 ,scilicet
290 1953 597 2052 qualitascmtraria.
725 2003 728 2010 ·
948 1991 950 1999 2
982 1959 1072 2028 111.
1098 1956 1355 2052 Distinguendum
1374 1957 1417 2030 eli
1436 1966 1511 2034 inter
1532 1983 1648 2051 munuc

265 2119 266 2128 χ
329 2083 334 2090 ·
487 2137 494 2151 ·
694 2051 697 2058 ’
930 2050 1127 2132 sustentandi,
1171 2061 1205 2127 dr
1242 2060 1318 2125 inter
1343 2078 1453 2127 munuc
1480 2044 1647 2156 operandi.

377 2131 519 2222 Q²st¹0
550 2131 689 2205 VIII·
784 2191 787 2202 ·
877 2199 880 2204 -
932 2151 1090 2237 Quamvis
1111 2157 1268 2244 quantitas
1285 2147 1392 2243 quoad
1402 2149 1577 2221 sustentandi
1588 2153 1648 2226 of·

227 2245 306 2324 eAn
325 2249 530 2328 alteratio-lit
546 2245 729 2343 nalilfflma
736 2265 836 2318 martra
928 2242 1038 2316 ficium
1063 2247 1263 2338 propinquior
1291 2247 1332 2322 [ιε’
1352 2243 1523 2319 subllanriz
1542 2267 1646 2338 quam

380 2345 521 2440 species?
541 2341 688 2425 naim„
932 2339 1075 2432 qualitas,
1096 2353 1270 2404 nontamen
1288 2341 1445 2431 quantitas
1464 2335 1646 2414 fivemotus
1706 2365 1711 2370 ·

175 2421 263 2602 C'
329 2449 332 2456 ’
433 2437 438 2444 ’
596 2450 605 2456 “
910 2431 970 2498 ad
1000 2430 1201 2521 quantitatem
1220 2427 1264 2500 cst
1285 2428 1473 2529 ptastantior
1493 2437 1647 2530 qualitate

255 2536 442 2628 njurcirnque
460 2547 563 2604 motus
583 2531 728 2600 terminus
739 2526 885 2620 adquem
930 2523 992 2594 five
1010 2544 1096 2594 motu
1114 2519 1155 2624 ad
1179 2525 1379 2618 qualitatem,
1404 2533 1481 2624 quia
1498 2531 1646 2610 altudest

173 2625 216 2696 eli
239 2623 369 2695 nobilior
402 2628 533 2696 aliorum
566 2641 710 2692 motuum
740 2623 886 2701 terminit,·
929 2640 1053 2696 munus,
1080 2623 1292 2710 cujusmerito
1314 2626 1453 2720 qualitas,
1474 2622 1645 2700 iirbllanriae

173 2719 226 2790 ille
250 2735 358 2788 metuo
376 2727 470 2788 etiam
490 2715 533 2787 est
556 2714 701 2798 nobilior.
737 2715 886 2789 Altetati·
911 2718 1058 2788 'vicinior
1075 2707 1191 2804 evadit,
1218 2719 1369 2790 ‘nimirum
1389 2729 1577 2816 operationes
1586 2745 1647 2794 ex-

59 2856 65 2864 -
172 2819 242 2884 onis
261 2817 404 2890 terminus
425 2812 596 2908 adquam,
621 2809 727 2908 quiell
738 2810 886 2908 qualitas,
928 2809 1011 2906 sequi
1031 2845 1041 2901 ς
1074 2808 1377 2908 fiquidem'qualitas
1399 2811 1443 2884 eli
1456 2819 1641 2910 principium

173 2909 217 2980 est
239 2906 372 2978 nobilior
405 2909 534 2980 aliorum
561 2929 701 2978 motuum
729 2911 883 2980 terminis:
929 2905 1312 3004 bnmcdiatum'operandi,
1321 2909 1474 3002 quantitas
1485 2921 1558 2977 vtro
1568 2909 1641 2978 nul·

174 3004 270 3092 blam
289 3001 549 3096 qualitatpraest'at
562 2999 885 3099 tum'quantitatiquae
927 3001 991 3072 lam
1014 3001 1124 3098 agendi
1145 2997 1349 3073 vimobriner.
1386 3000 1516 3076 Constat
1535 3025 1642 3076 autem

158 3097 219 3188 xest
238 3105 383 3172 terminus
410 3099 669 3196 augmentationis
697 3127 707 3183 ;
731 3096 883 3188 rumlubi
927 3097 1110 3194 praestantius
1125 3094 1199 3186 quid
1208 3093 1268 3165 elle
1277 3100 1405 3193 operati,
1424 3096 1665 3191 quamlillen·.

175 3194 467 3285 quodelltetminus
481 3194 615 3264 lationis.
637 3191 885 3288 Ergoetiamal·
929 3212 992 3262 tare
1002 3211 1087 3258 more
1097 3185 1248 3282 i‘ubjedli3
1271 3191 1644 3276 ntudenimacium,lroc

175 3288 761 3383 ceratioelimobiliqrtcliquismotibtts.
931 3307 1004 3360 vtro
1013 3288 1180 3380 potentiam
1190 3283 1328 3360 denotat.
1527 3305 1544 3378 '-

284 3385 419 3458 Onne
423 3387 455 3468 'R
465 3386 499 3450 V
502 3388 543 3448 A
554 3384 588 3450 T
590 3389 612 3450 Ι
619 3387 650 3450 0
661 3384 784 3473 RES.
983 3381 1048 3450 IV.
1070 3381 1155 3453 Licet
1164 3387 1245 3454 enim
1253 3381 1583 3482 quantitaspollitdici
1593 3387 1639 3456 se·

228 3476 259 3551 1,
280 3475 482 3561 Vocabulum
491 3497 591 3544 motus
612 3470 887 3574 bacinquaellione
928 3471 1134 3572 qui'lonnann
1146 3479 1256 3572 quoad
1268 3481 1400 3554 modum
1409 3479 1455 3550 seu
1463 3481 1639 3641 prascripti·
1781 3519 1782 3526 κ

90 3611 93 3616 -
174 3567 300 3642 sumitur
315 3557 444 3649 iirirte‘jss
470 3576 514 3639 ita
536 3573 747 3666 ingeneratio
767 3575 830 3641 non
848 3570 889 3647 lit
932 3593 1023 3644 onem
1033 3569 1188 3653 mensura,
1213 3595 1317 3647 tamen
1338 3573 1589 3671 fiabsoluret'pen
1603 3597 1640 3643 c·

176 3687 277 3737 motus
300 3688 309 3731 r
336 3671 369 3737 Si
391 3687 461 3738 'vero
483 3661 891 3761 lateloquendogeneratio·¹
929 3670 1156 3766 turquantitas,
1179 3668 1287 3742 dicitur
1296 3669 1377 3764 sequi
1385 3675 1640 3766 materiamqua·

175 3767 346 3838 nemetiam
361 3767 463 3835 vocari
482 3760 609 3834 velimus
628 3759 755 3858 speciem
768 3778 893 3835 motui,-
930 3763 997 3836 liras
1017 3789 1089 3840 vcro
1101 3762 1389 3858 sequiturfortnann
1401 3761 1508 3832 scilicet
1520 3769 1549 3834 in
1560 3791 1639 3934 ope-

16 3895 18 3920 t
63 3931 66 3938 ¹
175 3875 242 3926 tum
260 3856 326 3928 lbne
336 3861 494 3954 generatio
520 3853 649 3926 nobilior
677 3855 750 3932 effer
775 3855 887 3924 altera·
930 3858 1038 3936 tando,
1069 3869 1103 3934 δι
1123 3859 1177 3929 ilia
1192 3857 1234 3930 eil
1254 3861 1376 3954 propria
1394 3855 1562 3932 consecutio
1588 3885 1650 3932 ot·¹

176 3957 259 4022 tione
281 3984 292 4040 ;
310 3979 388 4028 ,rum
407 3954 605 4049 generationis
617 3957 759 4022 tetuinus
771 3952 807 4023 snt
815 3943 897 4020 tto
930 3979 1004 4026 mae.
1043 3953 1130 4050 Ergo
1152 3961 1305 4047 quantitas
1330 3979 1389 4030 non
1409 3941 1648 4046 dijudicanda.

175 4043 293 4134 flantia,
318 4051 501 4124 alterationis
526 4063 601 4149 pero
618 4046 717 4121 solum
735 4044 883 4120 accidens.
928 4049 1058 4122 nobilior
1068 4047 1225 4144 qualitate.
1277 4139 1282 4146 .
1324 4111 1327 4117 .
1384 4109 1389 4118 .
1485 4148 1521 4216 V
1557 4129 1598 4215 Μ

240 4179 280 4194 „.
762 4167 766 4178 ·
1474 4201 1476 4206 .
1523 4190 1534 4213 .
1599 4165 1635 4212 o·
